<?xml version="1.0" encoding="UTF-8"?><record xmlns="http://www.loc.gov/MARC21/slim" xmlns:cinclude="http://apache.org/cocoon/include/1.0" xmlns:zs="http://www.loc.gov/zing/srw/">
  <leader>00342nz  a2200133n  4500</leader>
  <controlfield tag="001">no 97043073 </controlfield>
  <controlfield tag="003">DLC</controlfield>
  <controlfield tag="005">19970722051016.7</controlfield>
  <controlfield tag="008">970721n| acannaab|          |n aaa     c</controlfield>
  <datafield tag="010" ind1=" " ind2=" ">
    <subfield code="a">no 97043073 </subfield>
  </datafield>
  <datafield tag="035" ind1=" " ind2=" ">
    <subfield code="a">(OCoLC)oca04389072 </subfield>
  </datafield>
  <datafield tag="040" ind1=" " ind2=" ">
    <subfield code="a">MiD</subfield>
    <subfield code="c">MiD</subfield>
  </datafield>
  <datafield tag="100" ind1="1" ind2="0">
    <subfield code="a">Risby, Bonnie Lou</subfield>
  </datafield>
  <datafield tag="670" ind1=" " ind2=" ">
    <subfield code="a">A country Christmas, c1996:</subfield>
    <subfield code="b">t.p. (Bonnie Lou Risby)</subfield>
  </datafield>
</record>